@misc{orbitlogic,
  title = {{UAV Planner}},
  howpublished = {[online] Available at: \url{http://www.orbitlogic.com/products/uav.php}},
}

@misc{gatech,
  title = {{Research Projects: MissionLab}},
  howpublished = {[online] Available at: \url{http://www.cc.gatech.edu/ai/robot-lab/research/MissionLab/}},
}

@inproceedings{Nowak_2007,
  author = {Dustin J. Nowak and
    Ian Price and
    Gary B. Lamont},
  title = {{Self Organized UAV Swarm Planning Optimization for Search and Destroy Using SWARMFARE Simulation}},
  booktitle = {Proceedings of the 39th Conference on Winter Simulation: 40 Years! The Best Is Yet to Come},
  year = {2007},
  series = {WSC '07},
  pages = {1315--1323},
  publisher = {IEEE Press}
}

@inproceedings{Perron_2008,
  author = {Jimmy Perron and
    Jimmy Hogan and
    Bernard Moulin and
    Jean Berger and
    Micheline B{\'e}langer},
  title = {{A Hybrid Approach Based on Multi-Agent Geosimulation and Reinforcement Learning to Solve a UAV Patrolling Problem}},
  booktitle = {Proceedings of the 40th Conference on Winter Simulation},
  year = {2008},
  series = {WSC '08},
  pages = {1259--1267},
  publisher = {Winter Simulation Conference}
}

@inproceedings{Nowak_2008,
  author = {Dustin J. Nowak and
    Gary B. Lamont and
    Gilbert L. Peterson},
  title = {{Emergent Architecture in Self Organized Swarm Systems for Military Applications}},
  booktitle = {Proceedings of the 2008 GECCO Conference Companion on Genetic and Evolutionary Computation},
  year = {2008},
  series = {GECCO '08},
  pages = {1913--1920},
  publisher = {ACM}
}

@incollection{Zitzler_2004,
  author = {Eckart Zitzler and
    Marco Laumanns and
    Stefan Bleuler},
  title = {{A Tutorial on Evolutionary Multiobjective Optimization}},
  booktitle = {Metaheuristics for Multiobjective Optimisation},
  publisher = {Springer Berlin Heidelberg},
  year = {2004},
  editor = {Xavier Gandibleux and
    Marc Sevaux and
    Kenneth S{\"o}rensen and
    Vincent T'kindt},
  volume = {535},
  series = {Lecture Notes in Economics and Mathematical Systems},
  pages = {3--37}
}

@inproceedings{Agogino_2012,
  author = {Adrian Agogino and
    Chris HolmesParker and
    Kagan Tumer},
  title = {{Evolving Large Scale UAV Communication System}},
  booktitle = {Proceedings of the Fourteenth International Conference on Genetic and Evolutionary Computation Conference},
  year = {2012},
  series = {GECCO '12},
  pages = {1023--1030},
  publisher = {ACM}
}

@inproceedings{Stouch_2011,
  author = {Daniel W. Stouch and
    Ernest Zeidman and
    Marc Richards and
    Kirk D. McGraw and
    William Callahan},
  title = {{Coevolving Collection Plans for UAS Constellations}},
  booktitle = {Proceedings of the 13th Annual Conference on Genetic and Evolutionary Computation},
  year = {2011},
  series = {GECCO '11},
  pages = {1691--1698},
  publisher = {ACM}
}

@inproceedings{Rosenberg_2008,
  author = {Brad Rosenberg and
    Marc Richards and
    John T. Langton and
    Sofya Tenenbaum and
    Daniel W. Stouch},
  title = {{Applications of Multi-objective Evolutionary Algorithms to Air Operations Mission Planning}},
  booktitle = {Proceedings of the 2008 GECCO Conference Companion on Genetic and Evolutionary Computation},
  year = {2008},
  series = {GECCO '08},
  pages = {1879--1886},
  publisher = {ACM}
}

@inproceedings{Pohl_2008,
  author = {Adam J. Pohl and
    Gary B. Lamont},
  title = {{Multi-Objective UAV Mission Planning Using Evolutionary Computation}},
  booktitle = {Proceedings of the 2008 Winter Simulation Conference},
  year = {2008},
  series = {WSC '08},
  pages = {1268--1279},
  publisher = {Winter Simulation Conference}
}

@article{Shetty_2008,
  author = {Vijay K. Shetty and
    Moises Sudit and
    Rakesh Nagi},
  title = {{Priority-Based Assignment and Routing of a Fleet of Unmanned Combat Aerial Vehicles}},
  journal = {Computers and Operations Research},
  year = {2008},
  volume = {35},
  number = {6},
  pages = {1813--1828},
  month = {June}
}

@inproceedings{Ahner_2006,
  author = {Darryl K. Ahner and
    Arnold H. Buss and
    John Ruck},
  title = {{Assignment Scheduling Capability for Unmanned Aerial Vehicles: A Discrete Event Simulation With Optimization in the Loop Approach to Solving a Scheduling Problem}},
  booktitle = {Proceedings of the 38th Conference on Winter Simulation},
  year = {2006},
  series = {WSC '06},
  pages = {1349--1356},
  publisher = {Winter Simulation Conference}
}

@inproceedings{Alver_2012,
  author = {Yucel Alver and
    Murat Ozdogan and
    Enver Yucesan},
  title = {{Assessing the Robustness of UAV Assignments}},
  booktitle = {Proceedings of the 2012 Winter Simulation Conference},
  year = {2012},
  series = {WSC '12},
  pages = {1--11},
  publisher = {Winter Simulation Conference}
}

@inproceedings{Kamrani_2007,
  author = {Farzad Kamrani and
    Rassul Ayani},
  title = {{Simulation-Aided Path Planning of UAV}},
  booktitle = {Proceedings of the 39th Conference on Winter Simulation: 40 Years! The Best Is Yet to Come},
  year = {2007},
  series = {WSC '07},
  pages = {1306--1314},
  publisher = {IEEE Press}
}

@inproceedings{Corner_2004,
  author = {Joshua J. Corner and
    Gary B. Lamont},
  title = {{Parallel Simulation of UAV Swarm Scenarios}},
  booktitle = {Proceedings of the 36th Conference on Winter Simulation},
  year = {2004},
  series = {WSC '04},
  pages = {355--363},
  publisher = {Winter Simulation Conference}
}

@article{Lian_2006,
  author = {Zhaotong Lian and
    Abhijit Deshmukh},
  title = {{Performance Prediction of an Unmanned Airborne Vehicle Multi-Agent System}},
  journal = {European Journal of Operational Research},
  year = {2006},
  volume = {172},
  number = {2},
  pages = {680--695}
}

@inproceedings{Hamilton_2007,
  author = {Stephen Hamilton and
    Colonel Timothy Schmoyer and
    {``Drew''} Hamilton, Jr., J. A.},
  title = {{Validating a Network Simulation Testbed for Army UAVs}},
  booktitle = {Proceedings of the 39th Conference on Winter Simulation: 40 Years! The Best Is Yet to Come},
  year = {2007},
  series = {WSC '07},
  pages = {1300--1305},
  publisher = {IEEE Press}
}

@article{Cebrowski_1998,
  author = {Arthur K. Cebrowski and
    John J. Garstka},
  title = {{Network-Centric Warfare: Its Origin and Future}},
  journal = {U.S. Naval Institute Proceedings},
  year = {1998},
  volume = {124},
  number = {1},
  pages = {28--35}
}

@inproceedings{Chasparis_2005,
  author = {Georgios C. Chasparis and
    Jeff S. Shamma},
  title = {{Linear-Programming-Based Multi-Vehicle Path Planning With Adversaries}},
  booktitle = {Proceedings of the 2005 American Control Conference},
  year = {2005},
  series = {ACC '05},
  pages = {1072--1077},
  month = {June}
}

@inproceedings{Jang_2005,
  author = {Myeong-Wuk Jang and
    Gul Agha},
  title = {{Scalable Agent Distribution Mechanisms for Large-Scale UAV Simulations}},
  booktitle = {International Conference on Integration of Knowledge Intensive Multi-Agent Systems},
  year = {2005},
  series = {KIMAS '05},
  pages = {85--90},
  month = {April}
}

@inproceedings{Russo_2006,
  author = {Jon Russo and
    Mohammed Amduka and
    Keith Pedersen and
    Richard Lethin and
    Boris Gelfand and
    Jonathan Springer and
    Rajit Manohar and
    Rami Melhem},
  title = {{Enabling Cognitive Architectures for UAV Mission Planning}},
  booktitle = {Proceedings of the High Performance Embedded Computing Workshop},
  year = {2006},
  series = {HPEC '06},
  month = {September}
}

@inproceedings{Zervoudakis_2013,
  author = {Fokion Zervoudakis and
    David S. Rosenblum and
    Sebastian Elbaum and
    Anthony Finkelstein},
  title = {{Cascading Verification: An Integrated Method for Domain-Specific Model Checking}},
  booktitle = {Proceedings of the 2013 9th Joint Meeting on the Foundations of Software Engineering},
  year = {2013},
  series = {ESEC/FSE '13},
  pages = {400--410},
  publisher = {ACM}
}

@book{Baier_2008,
  author = {Christel Baier and
    Joost-Pieter Katoen},
  title = {{Principles of Model Checking}},
  publisher = {The MIT Press},
  year = {2008}
}

@inproceedings{Robby_2003,
  author = {Robby and
    Matthew B. Dwyer and
    John Hatcliff},
  title = {{Bogor: An Extensible and Highly-Modular Software Model Checking Framework}},
  booktitle = {Proceedings of the 9th European Software Engineering Conference Held Jointly With the 11th ACM SIGSOFT International Symposium on Foundations of Software Engineering},
  year = {2003},
  series = {ESEC/FSE-11},
  pages = {267--276},
  publisher = {ACM}
}

@inproceedings{Narayanan_2002,
  author = {Srini Narayanan and
    Sheila A. McIlraith},
  title = {{Simulation, Verification and Automated Composition of Web Services}},
  booktitle = {Proceedings of the 11th International Conference on World Wide Web},
  year = {2002},
  series = {WWW '02},
  pages = {77--88},
  publisher = {ACM}
}

@article{Di_Pietro_2012,
  author = {Ivan Di Pietro and
    Francesco Pagliarecci and
    Luca Spalazzi},
  title = {{Model Checking Semantically Annotated Services}},
  journal = {IEEE Transactions on Software Engineering},
  year = {2012},
  volume = {38},
  number = {3},
  pages = {592--608},
  month = {May}
}

@inproceedings{Boaro_2010,
  author = {Lorenzo Boaro and
    Emanuele Glorio and
    Francesco Pagliarecci and
    Luca Spalazzi},
  title = {{Semantic Model Checking Security Requirements for Web Services}},
  booktitle = {Proceedings of the 2010 International Conference on High Performance Computing and Simulation},
  year = {2010},
  series = {HPCS '10},
  pages = {283--290},
  publisher = {IEEE}
}

@inproceedings{Oghabi_2011,
  author = {Giti Oghabi and
    Jamal Bentahar and
    Abdelghani Benharref},
  title = {{On the Verification of Behavioral and Probabilistic Web Services Using Transformation}},
  booktitle = {Proceedings of the 2011 IEEE International Conference on Web Services},
  year = {2011},
  series = {ICWS '11},
  pages = {548--555},
  publisher = {IEEE Computer Society}
}

@inproceedings{Ankolekar_2005,
  author = {Anupriya Ankolekar and
    Massimo Paolucci and
    Katia Sycara},
  title = {{Towards a Formal Verification of OWL-S Process Models}},
  booktitle = {Proceedings of the 4th International Conference on the Semantic Web},
  year = {2005},
  series = {ISWC '05},
  pages = {37--51},
  publisher = {Springer-Verlag}
}

@inproceedings{Liu_2008,
  author = {Rujuan Liu and
    Changjun Hu and
    Chongchong Zhao},
  title = {{Model Checking for Web Service Flow Based on Annotated OWL-S}},
  booktitle = {Proceedings of the 2008 Ninth ACIS International Conference on Software Engineering, Artificial Intelligence, Networking and Parallel/Distributed Computing},
  year = {2008},
  series = {SNPD '08},
  pages = {741--746},
  publisher = {IEEE Computer Society}
}

@inproceedings{Lomuscio_2009,
  author = {Alessio Lomuscio and
    Monika Solanki},
  title = {{Mapping OWL-S Processes to Multi Agent Systems: A Verification Oriented Approach}},
  booktitle = {Proceedings of the 2009 International Conference on Advanced Information Networking and Applications Workshops},
  year = {2009},
  series = {WAINA '09},
  pages = {488--493},
  publisher = {IEEE Computer Society}
}

@misc{DARPA,
  author = {DARPA},
  title = {{UAVForge}},
  howpublished = {[online] Available at: \url{http://www.uavforge.net/}}
}

@misc{Youngson_2004,
  author = {G. Youngson and
    K. Baker and
    D. Kelleher and
    S. Williams},
  title = {{Project Support Services for the Operational Mission and Scenario Analysis for Multiple UAVs/UCAVs Control From Airborne Platform}},
  month = {March},
  year = {2004}
}

@inproceedings{Hinton_2006,
  author = {Andrew Hinton and
    Marta Kwiatkowska and
    Gethin Norman and
    David Parker},
  title = {{PRISM: A Tool for Automatic Verification of Probabilistic Systems}},
  booktitle = {Proceedings of the 12th International Conference on Tools and Algorithms for the Construction and Analysis of Systems},
  year = {2006},
  series = {TACAS '06},
  pages = {441--444},
  publisher = {Springer-Verlag}
}

@misc{Evans,
  author = {Clark C. Evans},
  title = {{The Official YAML Web Site}},
  howpublished = {[online] Available at: \url{http://yaml.org/}}
}

@article{Mernik_2005,
  author = {Marjan Mernik and
    Jan Heering and
    Anthony M. Sloane},
  title = {{When and How to Develop Domain-Specific Languages}},
  journal = {ACM Computing Surveys},
  year = {2005},
  volume = {37},
  number = {4},
  pages = {316--344},
  month = {December}
}

@article{Rivera_2009,
  author = {Jos{\'e} E. Rivera and
    Francisco Dur{\'a}n and
    Antonio Vallecillo},
  title = {{Formal Specification and Analysis of Domain Specific Models Using Maude}},
  journal = {Simulation},
  year = {2009},
  volume = {85},
  number = {11--12},
  pages = {778--792},
  month = {November}
}

@inproceedings{Musen_2004,
  author = {Mark A. Musen},
  title = {{Ontology-Oriented Design and Programming}},
  booktitle = {Knowledge Engineering and Agent Technology},
  year = {2004},
  pages = {3--16},
  publisher = {IOS Press}
}

@inproceedings{Walter_2009,
  author = {Tobias Walter and
    Fernando Silva Parreiras and
    Steffen Staab},
  title = {{{\it OntoDSL}: An Ontology-Based Framework for Domain-Specific Languages}},
  booktitle = {Proceedings of the 12th International Conference on Model Driven Engineering Languages and Systems},
  year = {2009},
  series = {MODELS '09},
  pages = {408--422},
  publisher = {Springer-Verlag}
}

@incollection{Horrocks_2011,
  author = {Ian Horrocks and
    Peter F.\ Patel-Schneider},
  title = {{Knowledge Representation and Reasoning on the Semantic Web: OWL}},
  booktitle = {Handbook of Semantic Web Technologies},
  publisher = {Springer},
  year = {2011},
  editor = {John Domingue and
    Dieter Fensel and
    James A. Hendler},
  chapter = {9},
  pages = {365--398}
}

@inproceedings{Motik_2006,
  author = {Boris Motik and
    Ian Horrocks and
    Riccardo Rosati and
    Ulrike Sattler},
  title = {{Can OWL and Logic Programming Live Together Happily Ever After?}},
  booktitle = {Proceedings of the 5th International Conference on the Semantic Web},
  year = {2006},
  series = {ISWC '06},
  pages = {501--514},
  publisher = {Springer-Verlag}
}

@inproceedings{Sensoy_2011,
  author = {Murat \c{S}ensoy and
    Geeth de Mel and
    Wamberto W. Vasconcelos and
    Timothy J. Norman},
  title = {{Ontological Logic Programming}},
  booktitle = {Proceedings of the International Conference on Web Intelligence, Mining and Semantics},
  year = {2011},
  series = {WIMS '11},
  pages = {44:1--44:9},
  publisher = {ACM}
}

@inproceedings{Matzner_2007,
  author = {Tobias Matzner and
    Pascal Hitzler},
  title = {{Any-World Access to OWL From Prolog}},
  booktitle = {Proceedings of the 30th Annual German Conference on Advances in Artificial Intelligence},
  year = {2007},
  series = {KI '07},
  pages = {84--98},
  publisher = {Springer-Verlag}
}

@article{Papadakis_2011,
  author = {Nikos Papadakis and
    Kostas Stravoskoufos and
    Evdoxios Baratis and
    Euripides G. M. Petrakis and
    Dimitris Plexousakis},
  title = {{PROTON: A Prolog Reasoner for Temporal ONtologies in OWL}},
  journal = {Expert Systems With Applications},
  year = {2011},
  volume = {38},
  number = {12},
  pages = {14660--14667},
  month = {November}
}

@article{Samuel_2008,
  author = {Ken Samuel and
    Leo Obrst and
    Suzette Stoutenberg and
    Karen Fox and
    Paul Franklin and
    Adrian Johnson and
    Ken Laskey and
    Deborah Nichols and
    Steve Lopez and
    Jason Peterson},
  title = {{Translating OWL and Semantic Web Rules Into Prolog: Moving Toward Description Logic Programs}},
  journal = {Theory and Practice of Logic Programming},
  year = {2008},
  volume = {8},
  number = {3},
  pages = {301--322},
  month = {May}
}

@article{Lukacsy_2009a,
  author = {Gergely Luk{\'a}csy and
    P{\'e}ter Szeredi},
  title = {{Efficient Description Logic Reasoning in Prolog: The DLog System}},
  journal = {Theory and Practice of Logic Programming},
  year = {2009},
  volume = {9},
  number = {3},
  pages = {343--414},
  month = {May}
}

@article{Almendros_Jimenez_2011,
  author = {Jes{\'u}s M. Almendros-Jim{\'e}nez},
  title = {{A Prolog-Based Query Language for OWL}},
  journal = {Electronic Notes in Theoretical Computer Science},
  year = {2011},
  volume = {271},
  pages = {3--22},
  month = {March}
}

@inproceedings{Elenius_2012,
  author = {Daniel Elenius},
  title = {{SWRL-IQ: A Prolog-Based Query Tool for OWL and SWRL}},
  booktitle = {Proceedings of OWL: Experiences and Directions Workshop 2012},
  year = {2012},
  volume = {849},
  series = {CEUR Workshop Proceedings},
  publisher = {CEUR-WS.org}
}

@incollection{Baader_2005,
  author = {Franz Baader and
    Ian Horrocks and
    Ulrike Sattler},
  title = {{Description Logics as Ontology Languages for the Semantic Web}},
  booktitle = {Mechanizing Mathematical Reasoning, Essays in Honor of J{\"o}rg H. Siekmann on the Occasion of His 60th Birthday},
  publisher = {Springer},
  year = {2005},
  editor = {Dieter Hutter and
    Werner Stephan},
  number = {2605},
  series = {Lecture Notes in Computer Science},
  pages = {228--248}
}

@inproceedings{Krotzsch_2011,
  author = {Markus Kr{\"o}tzsch and
    Sebastian Speiser},
  title = {{ShareAlike Your Data: Self-Referential Usage Policies for the Semantic Web}},
  booktitle = {Proceedings of the 10th International Conference on the Semantic Web---Volume Part I},
  year = {2011},
  series = {ISWC '11},
  pages = {354--369},
  publisher = {Springer-Verlag}
}

@misc{Horrocks_2004,
  author = {Ian Horrocks and
    Peter F. Patel-Schneider and
    Harold Boley and
    Said Tabet and
    Benjamin Grosof and
    Mike Dean},
  title = {{SWRL: A Semantic Web Rule Language Combining OWL and RuleML}},
  howpublished = {W3C Member Submission},
  month = {May},
  year = {2004}
}

@inproceedings{McGrath_2008,
  author = {Robert E. McGrath and
    Joe Futrelle},
  title = {{Reasoning About Provenance With OWL and SWRL Rules}},
  booktitle = {AAAI Spring Symposium: AI Meets Business Rules and Process Management},
  year = {2008},
  pages = {87--92},
  publisher = {AAAI}
}

@inproceedings{Volz_2003,
  author = {Raphael Volz and
    Stefan Decker and
    Daniel Oberle},
  title = {{Bubo---Implementing OWL in Rule-Based Systems}},
  booktitle = {Proceedings of the 12th International Conference on World Wide Web},
  year = {2003},
  series = {WWW '03},
  publisher = {ACM}
}

@article{Costa_2012,
  author = {V{\'i}tor Santos Costa and
    Ricardo Rocha and
    Lu{\'i}s Damas},
  title = {{The YAP Prolog System}},
  journal = {Theory and Practice of Logic Programming},
  year = {2012},
  volume = {12},
  number = {1--2},
  pages = {5--34},
  month = {January}
}

@incollection{Greco_2010,
  author = {Sergio Greco and
    Francesca A. Lisi},
  title = {{Logic programming Languages for Databases and the Web}},
  booktitle = {A 25-Year Perspective on Logic Programming},
  publisher = {Springer-Verlag},
  year = {2010},
  editor = {Agostino Dovier and
    Enrico Pontelli},
  pages = {183--203}
}

@inproceedings{Kwiatkowska_2012,
  author = {Marta Kwiatkowska and
    David Parker},
  title = {{Advances in Probabilistic Model Checking}},
  booktitle = {Software Safety and Security: Tools for Analysis and Verification},
  year = {2012},
  editor = {Tobias Nipkow and
    Orna Grumberg and
    Benedikt Hauptmann},
  volume = {33},
  series = {NATO Science for Peace and Security Series D: Information and Communication Security},
  pages = {126--151},
  publisher = {IOS Press}
}

@inproceedings{Rango_2010,
  author = {Albert Rango and
    Andrea Laliberte and
    Kris Havstad and
    Craig Winters and
    Caiti Steele and
    Dawn Browning},
  title = {{Rangeland Resource Assessment, Monitoring, and Management Using Unmanned Aerial Vehicle-Based Remote Sensing}},
  booktitle = {Proceedings of the IEEE International Geoscience {\&} Remote Sensing Symposium},
  year = {2010},
  series = {IGARSS '10},
  pages = {608--611},
  publisher = {IEEE}
}

@article{Jimenez_Berni_2009,
  author = {Jose A. Jim{\'e}nez-Berni and
    Pablo J. Zarco-Tejada and
    Lola Suarez and
    El{\'i}as Fereres},
  title = {{Thermal and Narrowband Multispectral Remote Sensing for Vegetation Monitoring From an Unmanned Aerial Vehicle}},
  journal = {IEEE Transactions on Geoscience and Remote Sensing},
  year = {2009},
  volume = {47},
  number = {3},
  pages = {722--738},
  month = {March}
}

@inproceedings{Heintz_2007,
  author = {Fredrik Heintz and
    Piotr Rudol and
    Patrick Doherty},
  title = {{From Images to Traffic Behavior---A UAV Tracking and Monitoring Application}},
  booktitle = {Proceedings of the 10th International Conference on Information Fusion},
  year = {2007},
  series = {FUSION '07},
  pages = {1--8},
  publisher = {IEEE}
}

@inproceedings{Karaman_2008,
  author = {Sertac Karaman and
    Emilio Frazzoli},
  title = {{Complex Mission Optimization for Multiple UAVs Using Linear Temporal Logic}},
  booktitle = {Proceedings of the 2008 American Control Conference},
  year = {2008},
  series = {ACC '08},
  pages = {2003--2009},
  publisher = {IEEE}
}

@inproceedings{Tosic_2003,
  author = {Predrag Tosic and
    Myeong-Wuk Jang and
    Smitha Reddy and
    Joshua Chia and
    Liping Chen and
    Gul Agha},
  title = {{Modeling a System of UAVs on a Mission}},
  booktitle = {Proceedings of the 7th World Multiconference on Systemics, Cybernetics and Informatics},
  year = {2003},
  series = {SCI '03},
  pages = {508--514}
}

@misc{DoD_2005,
  author = {{United States Department of Defense}},
  title = {{Unmanned Aircraft Systems Roadmap 2005--2030}},
  year = {2005}
}

@manual{Arjomandi,
  title = {{Classification of Unmanned Aerial Vehicles}},
  author = {Maziar Arjomandi},
  organization = {The University of Adelaide}
}

@book{Crocker_2007,
  author = {David Crocker},
  title = {{Dictionary of Aviation}},
  publisher = {A\&C Black Publishers Ltd},
  year = {2007},
  edition = {Second},
  month = {March}
}

@misc{AscTec,
  author = {AscTec},
  title = {{Manufacturer and Innovator of Aerial Imaging and Research UAVs---Ascending Technologies}},
  howpublished = {[online] Available at: \url{http://www.asctec.de/}}
}

@misc{Draganfly,
  author = {Draganfly},
  title = {{Draganfly.com Industrial Aerial Video Systems \& UAVs}},
  howpublished = {[online] Available at: \url{http://www.draganfly.com/}}
}

@misc{Parrot,
  author = {Parrot},
  title = {{Parrot USA}},
  howpublished = {[online] Available at: \url{http://www.parrot.com/}}
}

@manual{Nehme_2006,
  title = {{A UAV Mission Hierarchy}},
  author = {C. E. Nehme and
    M.L. Cummings and
    J. W. Crandall},
  organization = {Massachusetts Institute of Technology},
  year = {2006}
}

@techreport{Hou_2006,
  author = {Ming Hou and
    Robert D. Kobierski},
  title = {{Intelligent Adaptive Interfaces}},
  institution = {Defence Research and Development Canada},
  year = {2006},
  month = {December}
}

@article{Hou_2011,
  author = {Ming Hou and
    Haibin Zhu and
    MengChu Zhou and
    G. G. Arrabito},
  title = {{Optimizing Operator---Agent Interaction in Intelligent Adaptive Interface Design: A Conceptual Framework}},
  journal = {Systems, Man, and Cybernetics, Part C: Applications and Reviews, IEEE Transactions on},
  year = {2011},
  volume = {41},
  number = {2},
  pages = {161--178},
  month = {March}
}

@article{Sirin_2007,
  author = {Evren Sirin and
    Bijan Parsia and
    Bernardo Cuenca Grau and
    Aditya Kalyanpur and
    Yarden Katz},
  title = {{Pellet: A practical OWL-DL Reasoner}},
  journal = {Journal of Web Semantics},
  year = {2007},
  volume = {5},
  number = {2},
  pages = {51--53},
  month = {June}
}

@misc{SWI_Prolog,
  title = {{SWI-Prolog's home}},
  howpublished = {[online] Available at: \url{http://www.swi-prolog.org/}}
}

@inproceedings{Bao_2006,
  author = {Jie Bao and
    Vasant Honavar},
  title = {{Adapt OWL as a Modular Ontology Language}},
  booktitle = {Proceedings of the OWLED*06 Workshop on OWL: Experiences and Directions},
  year = {2006},
  publisher = {CEUR-WS.org}
}

@book{Staab_2009,
  author = {Steffen Staab and
    Rudi Studer},
  title = {{Handbook on Ontologies}},
  publisher = {Springer},
  year = {2009},
  edition = {Second}
}

@misc{Bechhofer_2004,
  author = {Sean Bechhofer and
    Frank van Harmelen and
    Jim Hendler and
    Ian Horrocks and
    Deborah L. McGuinness and
    Peter F. Patel-Schneider and
    Lynn Andrea Stein},
  title = {{OWL Web Ontology Language Reference}},
  howpublished = {[online] Available at: \url{http://www.w3.org/TR/owl-ref/}},
  month = {February},
  year = {2004}
}

@inproceedings{Horridge_2006,
  author = {Matthew Horridge and
    Nick Drummond and
    John Goodwin and
    Alan L. Rector and
    Robert Stevens and
    Hai Wang},
  title = {{The Manchester OWL Syntax}},
  booktitle = {Proceedings of the OWLED*06 Workshop on OWL: Experiences and Directions},
  year = {2006},
  publisher = {CEUR-WS.org}
}

@manual{Horridge_2011,
  title = {{A Practical Guide to Building OWL Ontologies Using Prot{\'e}g{\'e} 4 and CO-ODE Tools}},
  author = {Matthew Horridge},
  organization = {The University of Manchester},
  edition = {1.3},
  year = {2011}
}

@techreport{DoD_2001,
  author = {{Joint Technical Coordinating Group on Aircraft Survivability (JTCG/AS)}},
  title = {{JTCG/AS Aerospace Systems Survivability Handbook Series}},
  institution = {United States Department of Defense},
  year = {2001},
  type = {{Volume 1. Handbook Overview}},
  month = {May}
}

@article{Cassidy_2002,
  author = {Michael J. Cassidy and
    Shadi B. Anani and
    John M. Haigwood},
  title = {{Study of Freeway Traffic Near an Off-Ramp}},
  journal = {Transportation Research Part A: Policy and Practice},
  year = {2002},
  volume = {36},
  number = {6},
  pages = {563--572}
}

@article{Piracha_2010,
  author = {Mohammad Umar Piracha and
    Dat Nguyen and
    Dimitrios Mandridis and
    Tolga Yilmaz and
    Ibrahim Ozdur and
    Sarper Ozharar and
    Peter J. Delfyett},
  title = {{Range Resolved LIDAR for Long Distance Ranging With Sub-Millimeter Resolution}},
  journal = {Optics Express},
  year = {2010},
  volume = {18},
  number = {7},
  pages = {7184--7189},
  month = {March}
}

@article{Sensoy_2012,
  author = {Murat \c{S}ensoy and
    Wamberto W. Vasconcelos and
    Timothy J. Norman and
    Katia Sycara},
  title = {{Reasoning Support for Flexible Task Resourcing}},
  journal = {Expert Systems With Applications},
  year = {2012},
  volume = {39},
  number = {2},
  pages = {1998--2010},
  month = {February}
}

@article{De_Mel_2013,
  author = {Geeth de Mel and
    Murat \c{S}ensoy and
    Wamberto Vasconcelos and
    Timothy J. Norman},
  title = {{A Hybrid Reasoning Mechanism for Effective Sensor Selection for Tasks}},
  journal = {Engineering Applications of Artificial Intelligence},
  year = {2013},
  volume = {26},
  number = {2},
  pages = {873--887},
  month = {February}
}

@inproceedings{Obrst_2010,
  author = {Leo Obrst and
    Suzette Stoutenburg and
    Dru McCandless and
    Deborah Nichols and
    Paul Franklin and
    Mike Prausa and
    Richard Sward},
  title = {{Ontologies for Rapid Integration of Heterogeneous Data for Command, Control, \& Intelligence}},
  booktitle = {Proceedings of the 2010 Conference on Ontologies and Semantic Technologies for Intelligence},
  year = {2010},
  pages = {71--89},
  publisher = {IOS Press}
}

@incollection{Zombori_2008,
  author = {Zsolt Zombori},
  title = {{Efficient Two-Phase Data Reasoning for Description Logics}},
  booktitle = {Artificial Intelligence in Theory and Practice II},
  publisher = {Springer US},
  year = {2008},
  volume = {276},
  series = {IFIP '08},
  pages = {393--402}
}

@inproceedings{Lukacsy_2008,
  author = {Gergely Luk{\'a}csy and
    P{\'e}ter Szeredi and
    Bal{\'a}zs K{\'a}d{\'a}r},
  title = {{Prolog Based Description Logic Reasoning}},
  booktitle = {Proceedings of the 24th International Conference on Logic Programming},
  year = {2008},
  series = {ICLP '08},
  pages = {455--469},
  publisher = {Springer-Verlag}
}

@inproceedings{Lukacsy_2009b,
  author = {Gergely Luk{\'a}csy and
    P{\'e}ter Szeredi and},
  title = {{Scalable Web Reasoning Using Logic Programming Techniques}},
  booktitle = {Proceedings of the 3rd International Conference on Web Reasoning and Rule Systems},
  year = {2009},
  series = {RR '09},
  pages = {102--117},
  publisher = {Springer-Verlag}
}

@inproceedings{Preece_2008,
  author = {Alun Preece and
    Mario Gomez and
    Geeth de Mel and
    Wamberto Vasconcelos and
    Derek Sleeman and
    Stuart Colley and
    Gavin Pearson and
    Tien Pham and
    Tom La Porta},
  title = {{Matching Sensors to Missions Using a Knowledge-Based Approach}},
  booktitle = {Society of Photo-Optical Instrumentation Engineers (SPIE) Conference Series},
  year = {2008}
}

@inproceedings{Ferraro_2012,
  author = {Mario Ferraro and
    James Scanlan and
    Hans Fangohr and
    Benjamin Schumann},
  title = {{A Generic Unifying Ontology for Civil Unmanned Aerial Vehicle Missions}},
  booktitle = {12th AIAA Aviation Technology, Integration, and Operations (ATIO) Conference and 14th AIAA/ISSMO Multidisciplinary Analysis and Optimization Conference},
  year = {2012}
}

@inproceedings{Valente_2005,
  author = {Andre Valente and
    Douglas Holmes and
    Frank C. Alvidrez},
  title = {{Using Ontologies to Build Web Service-Based Architecture for Airspace Systems}},
  booktitle = {Proceedings of the 8th International Prot{\'e}g{\'e} Conference},
  year = {2005}
}

@inproceedings{Schlenoff_2005,
  author = {Craig Schlenoff and
    Elena Messina},
  title = {{A Robot Ontology for Urban Search and Rescue}},
  booktitle = {Proceedings of the 2005 ACM Workshop on Research in Knowledge Representation for Autonomous Systems},
  year = {2005},
  series = {KRAS '05},
  pages = {27--34},
  publisher = {ACM}
}

@inproceedings{Amigoni_2005,
  author = {Francesco Amigoni and
    Mario Arrigoni Neri},
  title = {{An Application of Ontology Technologies to Robotic Agents}},
  booktitle = {Proceedings of the 2005 IEEE/WIC/ACM International Conference on Intelligent Agent Technology},
  year = {2005},
  pages = {751--754},
  publisher = {IEEE Computer Society}
}

@inproceedings{Chella_2002,
  author = {Antonio Chella and
    Massimo Cossentino and
    Roberto Pirrone and
    Andrea Ruisi},
  title = {{Modeling Ontologies for Robotic Environments}},
  booktitle = {Proceedings of the 14th international Conference on Software Engineering and Knowledge Engineering},
  year = {2002},
  series = {SEKE '02},
  pages = {77--80},
  publisher = {ACM}
}

@article{Schlenoff_2003,
  author = {Schlenoff, Craig and
    Balakirsky, Stephen and
    Uschold, Mike and
    Provine, Ron and
    Smith, Scott},
  title = {{Using Ontologies to Aid Navigation Planning in Autonomous Vehicles}},
  journal = {Knowledge Engineering Review},
  year = {2003},
  volume = {18},
  number = {3},
  pages = {243--255},
  month = {September}
}

@inproceedings{Gavshin_2011,
  author = {Yuri Gavshin and
    Jevgeni Shumik},
  title = {{Runtime Generation of Robot Control Code From Ontology File}},
  booktitle = {Proceedings of the Second International Conference on Adaptive and Intelligent Systems},
  year = {2011},
  series = {ICAIS '11},
  pages = {157--167},
  publisher = {Springer-Verlag}
}

@incollection{Bohn_2007,
  author = {Christopher A. Bohn},
  title = {{Heuristics for Designing the Control of a UAV Fleet With Model Checking}},
  booktitle = {Cooperative Systems},
  publisher = {Springer Berlin Heidelberg},
  year = {2007},
  editor = {Don Grundel and
    Robert Murphey and
    Panos Pardalos and
    Oleg Prokopyev},
  volume = {588},
  series = {Lecture Notes in Economics and Mathematical Systems},
  pages = {21--36}
}

@inproceedings{Webster_2011,
  author = {Matt Webster and
    Michael Fisher and
    Neil Cameron and
    Mike Jump},
  title = {{Formal Methods for the Certification of Autonomous Unmanned Aircraft Systems}},
  booktitle = {Proceedings of the 30th International Conference on Computer Safety, Reliability, and Security},
  year = {2011},
  series = {SAFECOMP '11},
  pages = {228--242},
  publisher = {Springer-Verlag}
}

@inproceedings{Jeyaraman_2005,
  author = {Suresh Jeyaraman and
    Antonios Tsourdos and
    Rafa{\l} {\.Z}bikowski and
    Brian A. White},
  title = {{Formal Techniques for the Modelling and Validation of a Co-Operating UAV Team That Uses Dubins Set for Path Planning}},
  booktitle = {Proceedings of the 2005 American Control Conference},
  year = {2005},
  volume = {7},
  pages = {4690--4695}
}

@article{Sirigineedi_2011,
  author = {Gopinadh Sirigineedi and
    Antonios Tsourdos and
    Brian A. White and
    Rafa{\l} {\.Z}bikowski},
  title = {{Kripke Modelling and Verification of Temporal Specifications of a Multiple UAV System}},
  journal = {Annals of Mathematics and Artificial Intelligence},
  year = {2011},
  volume = {63},
  number = {1},
  pages = {31--52},
  month = {September}
}

@misc{Kuwata_2011,
  author = {Makoto Kuwata},
  title = {{Kwalify User's Guide (for Ruby)}},
  howpublished = {[online] Available at: \url{http://www.kuwata-lab.com/kwalify/ruby/users-guide.html}},
  year = {2011}
}

@misc{PRISM_2010,
  title = {{PRISM Manual | The PRISM Language / Parallel Composition}},
  howpublished = {[online] Available at: \url{http://www.prismmodelchecker.org/manual/ThePRISMLanguage/}}
}

@book{Flanagan_2008,
  author = {David Flanagan and
    Yukihiro Matsumoto},
  title = {{The Ruby Programming Language}},
  publisher = {O'Reilly Media},
  year = {2008},
  edition = {First}
}

@book{Perrotta_2010,
  author = {Paolo Perrotta},
  title = {{Metaprogramming Ruby: Program Like the Ruby Pros}},
  publisher = {The Pragmatic Programmers},
  year = {2010},
  edition = {First},
  month = {January}
}

@article{Kitchenham_1995,
  author = {Barbara Kitchenham and
    Lesley Pickard and
    Shari Lawrence Pfleeger},
  title = {{Case Studies for Method and Tool Evaluation}},
  journal = {IEEE Software},
  year = {1995},
  volume = {12},
  number = {4},
  pages = {52--62},
  month = {July}
}

@inproceedings{Wright_2010,
  author = {Hyrum K. Wright and
    Miryung Kim and
    Dewayne E. Perry},
  title = {{Validity Concerns in Software Engineering Research}},
  booktitle = {Proceedings of the FSE/SDP Workshop on Future of Software Engineering Research},
  year = {2010},
  series = {FoSER '10},
  pages = {411--414},
  publisher = {ACM}
}

@inproceedings{Feldt_2010,
  author = {Robert Feldt and
    Ana Magazinius},
  title = {{Validity Threats in Empirical Software Engineering Research---An Initial Survey}},
  booktitle = {Proceedings of the 22nd International Conference on Software Engineering {\&} Knowledge Engineering},
  year = {2010},
  series = {SEKE '10},
  pages = {374--379},
  publisher = {Knowledge Systems Institute Graduate School}
}

@book{Seltman_2013,
  author = {Howard J. Seltman},
  title = {{Experimental Design and Analysis}},
  publisher = {Carnegie Mellon},
  year = {2013}
}

@inproceedings{Kaner_2004,
  author = {Cem Kaner and Walter P. Bond},
  title = {{Software Engineering Metrics: What Do They Measure and How Do We Know?}},
  booktitle = {10th IEEE International Software Metrics Symposium},
  year = {2004},
  series = {Metrics '04},
  publisher = {IEEE Computer Society}
}

@inproceedings{Banker_1989,
  author = {Rajiv D. Banker and
    Srikant M. Datar and
    Dani Zweig},
  title = {{Software Complexity and Maintainability}},
  booktitle = {Proceedings of the Tenth International Conference on Information Systems},
  series = {ICIS '89},
  year = {1989},
  pages = {247--255},
  publisher = {ACM}
}

@book{Kan_2002,
  author = {Stephen H. Kan},
  title = {{Metrics and Models in Software Quality Engineering}},
  publisher = {Addison-Wesley Professional},
  year = {2002},
  edition = {2nd}
}

@inproceedings{Combemale_2011,
  author = {Beno{\^i}t Combemale and
    Laure Gonnord and
    Vlad Rusu},
  title = {{A Generic Tool for Tracing Executions Back to a DSML's Operational Semantics}},
  booktitle = {Proceedings of the 7th European Conference on Modelling Foundations and Applications},
  year = {2011},
  series = {ECMFA '11},
  pages = {35--51},
  publisher = {Springer-Verlag}
}

@misc{Wilson_2007,
  author = {Clay Wilson},
  title = {{Network Centric Operations: Background and Oversight Issues for Congress}},
  month = {March},
  year = {2007}
}

@inproceedings{Lloyd_1994,
  author = {John W. Lloyd},
  title = {{Practical Advantages of Declarative Programming}},
  booktitle = {Proceedings of the 1994 Joint Conference on Declarative Programming},
  year = {1994},
  series = {GULP-PRODE '94},
  pages = {18--30}
}

@inproceedings{Chalin_2005,
  author = {Patrice Chalin and
    Joseph R. Kiniry and
    Gary T. Leavens and
    Erik Poll},
  title = {{Beyond Assertions: Advanced Specification and Verification With JML and ESC/Java2}},
  booktitle = {Proceedings of the 4th International Conference on Formal Methods for Components and Objects},
  year = {2006},
  series = {FMCO '05},
  pages = {342--363},
  publisher = {Springer-Verlag}
}

@misc{Holmgren_2005,
  author = {Anders Holmgren},
  title = {{Using Annotations to Add Validity Constraints to JavaBeans Properties}},
  howpublished = {[online] Available at: \url{http://192.9.162.55/developer/technicalArticles/J2SE/constraints/annotations.html}},
  month = {March},
  year = {2005}
}

@inproceedings{Ferreira_2007,
  author = {Glauber Ferreira and
    Emerson Loureiro and
    Elthon Oliveira},
  title = {{A Java Code Annotation Approach for Model Checking Software Systems}},
  booktitle = {Proceedings of the 2007 ACM Symposium on Applied Computing},
  year = {2007},
  series = {SAC '07},
  pages = {1536--1537},
  publisher = {ACM}
}

@misc{Veness,
  author = {Chris Veness},
  title = {{Calculate Distance, Bearing and More Between Latitude/Longitude Points}},
  howpublished = {[online] Available at: \url{http://www.movable-type.co.uk/scripts/latlong.html}},
  note = {Movable Type Ltd}
}

